@ARTICLE{deepnano,
   author = {{Bo{\v z}a}, V. and {Brejov{\'a}}, B. and {Vina{\v r}}, T.},
    title = "{DeepNano: Deep Recurrent Neural Networks for Base Calling in MinION Nanopore Reads}",
  journal = {ArXiv e-prints},
archivePrefix = "arXiv",
   eprint = {1603.09195},
 primaryClass = "q-bio.GN",
 keywords = {Quantitative Biology - Genomics},
     year = 2016,
    month = mar,
   adsurl = {http://adsabs.harvard.edu/abs/2016arXiv160309195B},
  adsnote = {Provided by the SAO/NASA Astrophysics Data System}
}
